@article{hedgehog,
author = {Smith, John and Smith, Paul and Perfect, Ford},
doi = {10.1002/1123581321},
journal = {Beautiful researchese},
number = {42},
title = {{Understanding the importance of hedgehog}},
volume = {1},
year = {2019}
}
 
@article{cat,
author = {Alexander, Adam and McBoatface, Boaty},
doi = {10.1002/31415926},
journal = {Names made by public vote},
number = {42},
title = {{Why it is not worth asking for the public's opinions}},
volume = {3},
year = {2020}
}
 
@article{gecko,
author = {Davidson, Harley and Toyota, Mitsubishi},
doi = {10.1002/1123581321},
journal = {Songs in the 90s},
number = {42},
title = {{Anything that's not Wonderwall}},
volume = {11},
year = {1990}
}
 
@article{eagle,
author = {Mulan, Disney},
doi = {10.1002/183492761},
journal = {Disney songs in real life},
number = {42},
title = {{How to be deep and emotional}},
volume = {3},
year = {2020}
}